<record><leader>00000cas a22000007a 4500</leader><controlfield tag="001">11714319</controlfield><controlfield tag="008">850220d192719uunyuwr ne      0    0eng d</controlfield><datafield ind1=" " ind2=" " tag="010"><subfield code="a">sn 85054432 </subfield></datafield><datafield ind1=" " ind2=" " tag="040"><subfield code="a">NYG</subfield><subfield code="b">eng</subfield><subfield code="c">NYG</subfield><subfield code="d">NPX</subfield><subfield code="d">NYS</subfield><subfield code="d">NYG</subfield><subfield code="d">NYS</subfield><subfield code="d">OCLCQ</subfield></datafield><datafield ind1=" " ind2=" " tag="042"><subfield code="a">msc</subfield></datafield><datafield ind1="0" ind2="4" tag="245"><subfield code="a">The Troy observer and Troy Sunday budget.</subfield></datafield><datafield ind1="1" ind2="3" tag="246"><subfield code="a">Troy observer, Troy Sunday budget</subfield></datafield><datafield ind1="1" ind2="7" tag="246"><subfield code="a">Troy observer-budget</subfield></datafield><datafield ind1=" " ind2=" " tag="260"><subfield code="a">Troy, N.Y. :</subfield><subfield code="b">Troy Pub. Co.</subfield></datafield><datafield ind1=" " ind2=" " tag="300"><subfield code="a">v. ;</subfield><subfield code="c">56 cm.</subfield></datafield><datafield ind1=" " ind2=" " tag="310"><subfield code="a">Weekly</subfield></datafield><datafield ind1="0" ind2=" " tag="362"><subfield code="a">Vol. 51, no. 25 (Apr. 24, 1927)-</subfield></datafield><datafield ind1=" " ind2=" " tag="500"><subfield code="a">"And" appears in small print.</subfield></datafield><datafield ind1=" " ind2="4" tag="651"><subfield code="a">Troy (N.Y.)</subfield><subfield code="v">Newspapers.</subfield></datafield><datafield ind1=" " ind2=" " tag="752"><subfield code="a">United States</subfield><subfield code="b">New York</subfield><subfield code="c">Rensselaer</subfield><subfield code="d">Troy.</subfield></datafield><datafield ind1="0" ind2="4" tag="780"><subfield code="t">Troy observer</subfield><subfield code="w">(DLC)sn 85054431</subfield></datafield><datafield ind1="0" ind2="4" tag="780"><subfield code="t">Troy Sunday budget</subfield><subfield code="w">(DLC)sn 87070125</subfield></datafield><datafield ind1="1" ind2=" " tag="029"><subfield code="a">AU@</subfield><subfield code="b">000020369167</subfield></datafield></record>